\textit{@online{libraryRequests,
  author = {A. Kenneth Reitz},
  title = {{Requests: HTTP for Humans}},
  year = 2014,
  url = {http://docs.python-requests.org/en/latest/},
  urldate = {2014-12-03}
}

@online{libraryClick,
  author = {A. Ronacher},
  title = {{Click}},
  year = 2014,
  url = {http://click.pocoo.org/3/},
  urldate = {2014-12-03}
}

@online{libraryDoorkeeper,
  author = {F. E. Phillipp and T. Costa},
  title = {{Doorkeeper}},
  year = 2014,
  url = {https://github.com/doorkeeper-gem},
  urldate = {2014-12-04}
}

@online{rfc6749,
  author = {{Internet Engineering Task Force}},
  title = {{OAuth 2.0}},
  year = 2014,
  url = {https://tools.ietf.org/html/rfc6749#section-4.3},
  urldate = {2014-12-04}
}

@online{rfc6749resourceOwner,
  author = {{Internet Engineering Task Force}},
  title = {{OAuth 2.0 Resource Owner Password Credentials Grant}},
  year = 2014,
  url = {https://tools.ietf.org/html/rfc6749#section-4.3},
  urldate = {2014-12-04}
}

@online{rfc2324htcpcp,
  author = {{Network Working Group}},
  title = {{Hyper Text Coffee Pot Control Protocol}},
  year = 2014,
  url = {http://tools.ietf.org/html/rfc2324},
  urldate = {2014-12-05}
}

@online{libraryPickledb,
  author = {{Harrison Erd}},
  title = {{PickleDB}},
  year = 2014,
  url = {https://pythonhosted.org/pickleDB/},
  urldate = {2014-12-06}
}

@online{libraryNose,
  author = {{Nose Devs.}},
  title = {{Nose}},
  year = 2014,
  url = {http://nose.readthedocs.org/en/latest/},
  urldate = {2014-12-07}
}

@online{librarySimpleConv,
  author = {{Christoph Olszowka}},
  title = {{Nose}},
  year = 2014,
  url = {https://github.com/colszowka/simplecov},
  urldate = {2014-12-07}
}

@online{libraryResponses,
  author = {{Dropbox}},
  title = {{Responses}},
  year = 2014,
  url = {https://github.com/dropbox/responses},
  urldate = {2014-12-07}
}