@article{hhpaalman1962,
    author    = "H. H. Paalman and C. J. Pings",
    title     = "Numerical Evaluation of X‐Ray Absorption Factors for Cylindrical Samples and Annular Sample Cells",
    journal   = "Journal of Applied Physics",
    year      = "1962",
}

@article{mantid,
    author    = "Mantid Project",
    title     = "Mantid: Manipulation and Analysis Toolkit for Instrument Data",
    year      = "2013",
    doi  	  = "10.5286/SOFTWARE/MANTID",
    url		  = "http://dx.doi.org/10.5286/SOFTWARE/MANTID"
}


@book{cwickens2004,
    author    = "C. D. Wickens and J. Lee and Y. D. Liu and S. Gordon-Becker",
    title     = "Introduction to Human Factors Engineering",
    year      = "2004",
    publisher = "Pearson",
}

@book{dssivia2011,
    author    = "D. S. Sivia",
    title     = "Elementary Scattering Theory",
    year      = "2011",
    publisher = "OUP Oxford",
}

@techreport{wshowells2010,
    author  = "W.S. Howells and V. Garcia-Sakai and F. Demmel and  M.T.F. Telling and F. Fernandez-Alonso",
    title   = "MODES User Guide, Version 3",
    year    = "2010",
    institution = "Rutherford Appleton Laboratory",
    number	= "RAL-TR-2010-006",
}

@techreport{wshowells1996,
	author = "W.S. Howells",
	title  = "IDA - IRIS Data Analysis",
	year	   = "1996",
    institution = "Rutherford Appleton Laboratory",
    number	= "RAL-TR-96-006",
}

@manual{pradaelli2000ariel,
	author = "P. G. Radaelli",
	title  = "ARIEL Manual",
	year	   = "2000",
}

@article{higgins1977observation,
  title={Observation of quasi-elastic broadening in neutron scattering from polymer solutions},
  author={Higgins, J.S. and Allen, G. and Ghosh, R.E. and Howells, W.S. and Farnoux, B.},
  journal={Chemical Physics Letters},
  volume={49},
  number={2},
  pages={197--202},
  year={1977},
  publisher={Elsevier}
}

@article{higgins1977q,
  title={Q 4-dependent broadening in quasielastic incoherent neutron scattering from a polymer melt},
  author={Higgins, J.S. and Ghosh, R.E. and Howells, W.S. and Allen, G.},
  journal={Journal of the Chemical Society, Faraday Transactions 2: Molecular and Chemical Physics},
  volume={73},
  number={1},
  pages={40--47},
  year={1977},
  publisher={Royal Society of Chemistry}
}

@article{wild1977measurement,
  title={Measurement and analysis of fluorescence decay curves},
  author={Wild, U.P. and Holzwarth, A.R. and Good, H.P.},
  journal={Review of Scientific Instruments},
  volume={48},
  number={12},
  pages={1621--1627},
  year={1977},
  publisher={AIP Publishing}
}

@article{chudley1961neutron,
  title={Neutron scattering from a liquid on a jump diffusion model},
  author={Chudley, C.T. and Elliott, R.J.},
  journal={Proceedings of the Physical Society},
  volume={77},
  number={2},
  pages={353},
  year={1961},
  publisher={IOP Publishing}
}

@book{fernandezalonso2013neutron,
    author    = "Fernandez-Alonso, F. and Price, D. L.",
    title     = "Neutron Scattering Fundermentals",
    publisher = "Academic Press",
    edition  = "1st",
    year      = "2013",

}

@article{hall1981incoherent,
  title={Incoherent neutron scattering functions for random jump diffusion in bounded and infinite media},
  author={Hall, P.L. and Ross, D.K.},
  journal={Molecular Physics},
  volume={42},
  number={3},
  pages={673--682},
  year={1981},
  publisher={Taylor \& Francis}
}

@article{teixeira1985experimental,
  title={Experimental determination of the nature of diffusive motions of water molecules at low temperatures},
  author={Teixeira, J. and Bellissent-Funel, M.C. and Chen, S. and Dianoux, A.},
  journal={Physical Review A},
  volume={31},
  number={3},
  pages={1913},
  year={1985},
  publisher={APS}
}

@article{fick1855v,
  title={V. On liquid diffusion},
  author={Fick, A.},
  journal={The London, Edinburgh, and Dublin Philosophical Magazine and Journal of Science},
  volume={10},
  number={63},
  pages={30--39},
  year={1855},
  publisher={Taylor \& Francis}
}

@techreport{aksoper1989,
    author  	= "A. K. Soper and W. S. Howells and A. C. Hannon",
    title   	= "Analysis Of Time-of-flight Diffraction Data from Liquid And Amorphous Samples",
    institution = "Rutherford Appleton Laboratory",
    year    	= "1989",
    number	= "RAL-89-046",
}

@article{dssivia1992,
  title={Bayesian analysis of quasielastic neutron scattering data},
  author={Sivia, D.S. and Carlile, C.J. and Howells, W.S. and K{\"o}nig, S.},
  journal={Physica B: Condensed Matter},
  volume={182},
  number={4},
  pages={341--348},
  year={1992},
  publisher={Elsevier}
}

@incollection{hschober2009,
    author    = "H. Schober",
	title     = "Neutron Scattering Instrumentation.",
    booktitle = "Neutron Applications in Earth, Energy and Environmental Sciences",
    publisher = "Springer",
    volume   = "8",
    year      = "2009",
}

@incollection{rpynn2008,
    author    = "R. Pynn",
	title     = "Neutron Scattering—A Non-destructive Microscope for Seeing Inside Matter",
    booktitle = "Neutron Scattering Applications and Techniques",
    publisher = "Springer",
    year      = "2008",
}

@techreport{smukhopadhyay2014,
	author = "S. Mukhopadhyay",
	title = "How to use Mantid for low energy inelastic neutron scattering data analysis on indirect geometry instruments",
	institution = "Rutherford Appleton Laboratory",
	year = "2014",
	number = "RAL-TR-2014-005",
}

@techreport{mjohnson1974,
	author = "M. W. Johnson",
	title = "Discus: A computer program for the calculation of multiple scattering effects in inelastic neutron scattering experiments",
	institution = "Atomic Energy Research Establishment",
	year = "1974",	
	number	= "R7682",
}

@techreport{ccarlile1974,
	author 		= "C. J. Carlile",
	title		= "Spectrum correction factors for sample holder and self-shielding effects for planar samples in thermal neutron scattering studies",
	institution 	= "Rutherford Appleton Laboratory",
	year			= "1974",
	number		= "RL-74-103",
}

@article{mayers2004vesuvio,
  title={VESUVIO - the double difference inverse geometry spectrometer at ISIS},
  author={Mayers, J. and Tomkinson, J. and Abdul-Redah, T. and Stirling, W.G. and Andreani, C. and Senesi, R. and Nardone, M. and Colognesi, D. and Degiorgi, E.},
  journal={Physica B: Condensed Matter},
  volume={350},
  number={1},
  pages={E659--E662},
  year={2004},
  publisher={Elsevier}
}

@article{mayers2012vesuvio,
  title={The VESUVIO electron volt neutron spectrometer},
  author={Mayers, J and Reiter, G},
  journal={Measurement Science and Technology},
  volume={23},
  number={4},
  pages={045902},
  year={2012},
  publisher={IOP Publishing}
}

@techreport{mayers2010user,
  title={User guide to VESUVIO data analysis},
  author={Mayers, J.},
  year={2010},
  institution={Rutherford Appleton Laboratory UK},
  number={RAL-TR-2011-003}
}

@article{colognesi2002tosca,
  title={TOSCA neutron spectrometer: the final configuration},
  author={Colognesi, D. and Celli, M. and Cilloco, F. and Newport, R.J. and Parker, S.F. and Rossi-Albertini, V. and Sacchetti, F. and Tomkinson, J. and Zoppi, M.},
  journal={Applied Physics A},
  volume={74},
  number={1},
  pages={s64--s66},
  year={2002},
  publisher={Springer}
}

@techreport{adams2001iris,
  author={Garcia-Sakai, V. and Adams, M.A. and Howells, W.S. and Telling, M.T.F.},
  title={The IRIS user guide},
  year={2011},
  institution={Rutherford Appleton Laboratory UK},
  number={RAL-TR-2011-004}
}

@techreport{telling2003osiris,
  title={The OSIRIS user guide},
  author={Telling, M.T.F. and Andersen, K.H.},
  institution={Rutherford Appleton Laboratory UK},
  year={2003},
  number={RAL-TR-2003-016}
}

@techreport{parker2003tosca,
  title={The TOSCA user manual},
  author={Parker, S.F. and Tomkinson, J. and Ramirez-Cuesta, A.J. and Colognesi, D.},
  institution={Rutherford Appleton Laboratory UK},
  year={2003},
  number={RAL-TR-2003-015}
}

@article{mayers2011calibration,
  title={Calibration of an electron volt neutron spectrometer},
  author={Mayers, J. and Adams, M.A.},
  journal={Nuclear Instruments and Methods in Physics Research Section A: Accelerators, Spectrometers, Detectors and Associated Equipment},
  volume={625},
  number={1},
  pages={47--56},
  year={2011},
  publisher={Elsevier}
}

@article{mayers2002multiple,
  title={Multiple scattering in deep inelastic neutron scattering: Monte Carlo simulations and experiments at the ISIS eVS inverse geometry spectrometer},
  author={Mayers, J and Fielding, AL and Senesi, R},
  journal={Nuclear Instruments and Methods in Physics Research Section A: Accelerators, Spectrometers, Detectors and Associated Equipment},
  volume={481},
  number={1},
  pages={454--463},
  year={2002},
  publisher={North-Holland}
}

@article{mayers2011calculation,
  title={Calculation of background effects on the VESUVIO eV neutron spectrometer},
  author={Mayers, J},
  journal={Measurement Science and Technology},
  volume={22},
  number={1},
  pages={015903},
  year={2011},
  publisher={IOP Publishing}
}

@techreport{penfold1986isis,
  title={The ISIS time focussed crystal analyser spectrometer, TFXA},
  author={Penfold, J and Tomkinson, J},
  year={1986},
  institution={Rutherford Appleton Lab., Chilton (UK)}
}

@article{parker1997tosca,
  title={TOSCA: a world class inelastic neutron spectrometer},
  author={Parker, SF and Carlile, CJ and Pike, T and Tomkinson, J and Newport, RJ and Andreani, C and Ricci, FP and Sacchetti, F and Zoppi, M},
  journal={Physica B: Condensed Matter},
  volume={241},
  pages={154--156},
  year={1997},
  publisher={Elsevier}
}

@article{bowden2000tosca,
  title={The TOSCA incoherent inelastic neutron spectrometer: progress and results},
  author={Bowden, ZA and Celli, M and Cilloco, F and Colognesi, D and Newport, Robert J and Parker, SF and Ricci, FP and Rossi-Albertini, V and Sacchetti, F and Tomkinson, J and others},
  journal={Physica B: Condensed Matter},
  volume={276},
  pages={98--99},
  year={2000},
  publisher={Elsevier}
}

@article{schooneveld2006foil,
  title={Foil cycling technique for the VESUVIO spectrometer operating in the resonance detector configuration},
  author={Schooneveld, E.M. and Mayers, J. and Rhodes, N.J. and Pietropaolo, A. and Andreani, C. and Senesi, R. and Gorini, G. and Perelli-Cippo, E. and Tardocchi, M.},
  journal={Review of scientific instruments},
  volume={77},
  number={9},
  pages={095103},
  year={2006},
  publisher={AIP Publishing}
}

@unpublished{jackson2014vesuvio,
	author	= "S. Jackson",
	title	= "VESUVIO Data Reduction and Analysis in Mantid",
	year	= "2014",
	note	= "Unpublished report.",
}