@inproceedings{nowakowski1997rna,
  title={RNA structure and stability},
  author={Nowakowski, Jacek and Tinoco, Ignacio},
  booktitle={Seminars in virology},
  volume={8},
  number={3},
  pages={153--165},
  year={1997},
  organization={Elsevier}
}