@inproceedings{conte2010method,
  title={A method for counting people in crowded scenes},
  author={Conte, Donatello and Foggia, Pasquale and Percannella, Gennaro and Tufano, Francesco and Vento, Mario},
  booktitle={Advanced Video and Signal Based Surveillance (AVSS), 2010 Seventh IEEE International Conference on},
  pages={225--232},
  year={2010},
  organization={IEEE}
}

@article{viola2004robust,
  title={Robust real-time face detection},
  author={Viola, Paul and Jones, Michael J},
  journal={International journal of computer vision},
  volume={57},
  number={2},
  pages={137--154},
  year={2004},
  publisher={Springer}
}