@misc{isiswebsite2014,
    author = "ISIS Neutron Source.",
    title = "How ISIS works",
    month = "May",
    year = "2014",
    howpublished = "\url{http://www.isis.stfc.ac.uk/about/how-isis-works6313.html}",
}

@article{mantid,
    author    = "Mantid Project",
    title     = "Mantid: Manipulation and Analysis Toolkit for Instrument Data",
    year      = "2013",
    doi  	  = "10.5286/SOFTWARE/MANTID",
    url		  = "http://dx.doi.org/10.5286/SOFTWARE/MANTID"
}

@book{dssivia2011elementary,
    author    = "D. S. Sivia",
    title     = "Elementary Scattering Theory for X-ray and Neutron Users",
    year      = "2011",
    publisher = "OUP Oxford",
}

@book{fernandezalonso2013neutron,
    author    = "Fernandez-Alonso, F. and Price, D. L.",
    title     = "Neutron Scattering Fundermentals",
    publisher = "Academic Press",
    edition  = "1st",
    year      = "2013",
}

@misc{msgwebsite2014,
    author = "ISIS Neutron Source",
    title = "Molecular Spectroscopy Group",
    month = "May",
    year = "2014",
    howpublished = "\url{http://www.isis.stfc.ac.uk/groups/molecular-spectroscopy/molecular-spectroscopy-3384.html}",
}

@misc{mantid2014workflow,
    author = "Mantid Project",
    title = "Git Workflow",
    month = "August",
    year = "2014",
    howpublished = "\url{http://www.mantidproject.org/Git_Workflow}",
}

@incollection{rpynn2008,
    author    = "R. Pynn",
	title     = "Neutron Scattering: A Non-destructive Microscope for Seeing Inside Matter",
    booktitle = "Neutron Scattering Applications and Techniques",
    publisher = "Springer",
    year      = "2008",
}
