@online{github,
  author = {Samuel Jackson},
  title = {WebGL solar system simulation},
  year = 2014,
  url = {https://github.com/samueljackson92/solar-system},
  urldate = {2014-11-21}
}