@misc{website:isis-website,
      author = "ISIS Neutron Source.",
      title = "How ISIS works",
      month = "May",
      year = "2014",
      howpublished = "\url{http://www.isis.stfc.ac.uk/about/how-isis-works6313.html}",
}

@misc{website:mantid-website,
      author = "Mantid Project.",
      title = "Main Page",
      month = "May",
      year = "2014",
      howpublished = "\url{http://www.mantidproject.org/Main_Page}",
}

@misc{website:msg-website,
      author = "ISIS Neutron Source",
      title = "Molecular Spectroscopy Group",
      month = "May",
      year = "2014",
      howpublished = "\url{http://www.isis.stfc.ac.uk/groups/molecular-spectroscopy/molecular-spectroscopy-3384.html}",
}

@incollection{rpynn2008,
    author    = "R. Pynn",
	title     = "Neutron Scattering: A Non-destructive Microscope for Seeing Inside Matter",
    booktitle = "Neutron Scattering Applications and Techniques",
    publisher = "Springer",
    year      = "2008",
}