@online{fowler2004design,
  author = {M. Fowler},
  title = {Is Design Dead?},
  year = 2004,
  url = {http://martinfowler.com/articles/designDead.html},
  urldate = {2014-10-18}
}

@online{wells1999crc,
  author = {Don Wells},
  title = {CRC Cards},
  year = 1999,
  url = {http://www.extremeprogramming.org/rules/crccards.html},
  urldate = {2014-10-18}
}

@online{atwood2005head,
  author = {Jeff Atwood},
  title = {Head First Design Patterns},
  year = 2005,
  url = {http://blog.codinghorror.com/head-first-design-patterns/},
  urldate = {2014-10-18}
}


@book{martin2008clean,
  title={Clean code: a handbook of agile software craftsmanship},
  author={Martin, Robert C},
  year={2008},
  publisher={Pearson Education}
}

@book{gamma1994design,
  title={Design patterns: elements of reusable object-oriented software},
  author={Gamma, Erich and Helm, Richard and Johnson, Ralph and Vlissides, John},
  year={1994},
  publisher={Pearson Education}
}