@manual{wshowells2010,
    author  = "W.S. Howells and V. Garcia-Sakai and F. Demmel and  M.T.F. Telling and F. Fernandez-Alonso",
    title   = "MODES User Guide, Version 3",
    year    = "2010",
}