@article{mayers2012vesuvio,
  title={The VESUVIO electron volt neutron spectrometer},
  author={Mayers, J and Reiter, G},
  journal={Measurement Science and Technology},
  volume={23},
  number={4},
  pages={045902},
  year={2012},
  publisher={IOP Publishing}
}

@techreport{mayers2010user,
  title={User guide to VESUVIO data analysis},
  author={Mayers, J.},
  year={2010},
  institution={Rutherford Appleton Laboratory UK},
  number={RAL-TR-2011-003}
}

@article{mantid,
    author    = "Mantid Project",
    title     = "Mantid: Manipulation and Analysis Toolkit for Instrument Data",
    year      = "2013",
    doi  	  = "10.5286/SOFTWARE/MANTID",
    url		  = "http://dx.doi.org/10.5286/SOFTWARE/MANTID"
}

@article{schooneveld2006foil,
  title={Foil cycling technique for the VESUVIO spectrometer operating in the resonance detector configuration},
  author={Schooneveld, EM and Mayers, J and Rhodes, NJ and Pietropaolo, A and Andreani, C and Senesi, R and Gorini, G and Perelli-Cippo, E and Tardocchi, M},
  journal={Review of scientific instruments},
  volume={77},
  number={9},
  pages={095103},
  year={2006},
  publisher={AIP Publishing}
}

@article{mayers2004vesuvio,
  title={VESUVIOâ€”the double difference inverse geometry spectrometer at ISIS},
  author={Mayers, J and Tomkinson, J and Abdul-Redah, T and Stirling, WG and Andreani, C and Senesi, R and Nardone, M and Colognesi, D and Degiorgi, E},
  journal={Physica B: Condensed Matter},
  volume={350},
  number={1},
  pages={E659--E662},
  year={2004},
  publisher={North-Holland}
}

@article{schooneveld2006foil,
  title={Foil cycling technique for the VESUVIO spectrometer operating in the resonance detector configuration},
  author={Schooneveld, E.M. and Mayers, J. and Rhodes, N.J. and Pietropaolo, A. and Andreani, C. and Senesi, R. and Gorini, G. and Perelli-Cippo, E. and Tardocchi, M.},
  journal={Review of scientific instruments},
  volume={77},
  number={9},
  pages={095103},
  year={2006},
  publisher={AIP Publishing}
}

@article{mayers2011calibration,
  title={Calibration of an electron volt neutron spectrometer},
  author={Mayers, J and Adams, MA},
  journal={Nuclear Instruments and Methods in Physics Research Section A: Accelerators, Spectrometers, Detectors and Associated Equipment},
  volume={625},
  number={1},
  pages={47--56},
  year={2011},
  publisher={North-Holland}
}

@article{mayers2011calculation,
  title={Calculation of background effects on the VESUVIO eV neutron spectrometer},
  author={Mayers, J},
  journal={Measurement Science and Technology},
  volume={22},
  number={1},
  pages={015903},
  year={2011},
  publisher={IOP Publishing}
}

@article{mayers2002multiple,
  title={Multiple scattering in deep inelastic neutron scattering: Monte Carlo simulations and experiments at the ISIS eVS inverse geometry spectrometer},
  author={Mayers, J and Fielding, AL and Senesi, R},
  journal={Nuclear Instruments and Methods in Physics Research Section A: Accelerators, Spectrometers, Detectors and Associated Equipment},
  volume={481},
  number={1},
  pages={454--463},
  year={2002},
  publisher={North-Holland}
}


@article{schooneveld2006foil,
  title={Foil cycling technique for the VESUVIO spectrometer operating in the resonance detector configuration},
  author={Schooneveld, E.M. and Mayers, J. and Rhodes, N.J. and Pietropaolo, A. and Andreani, C. and Senesi, R. and Gorini, G. and Perelli-Cippo, E. and Tardocchi, M.},
  journal={Review of scientific instruments},
  volume={77},
  number={9},
  pages={095103},
  year={2006},
  publisher={AIP Publishing}
}

@article{seeger1985double,
  title={Double-difference method to improve the resolution of an eV neutron spectrometer},
  author={Seeger, PA and Taylor, AD and Brugger, RM},
  journal={Nuclear Instruments and Methods in Physics Research Section A: Accelerators, Spectrometers, Detectors and Associated Equipment},
  volume={240},
  number={1},
  pages={98--114},
  year={1985},
  publisher={Elsevier}
}

@book{fernandezalonso2013neutron,
    author    = "Fernandez-Alonso, F. and Price, D. L.",
    title     = "Neutron Scattering Fundermentals",
    publisher = "Academic Press",
    edition  = "1st",
    year      = "2013",
}

@article{mayers2010user,
  title={User guide to VESUVIO data analysis},
  author={Mayers, J},
  year={2010}
}

@misc{mantidgithubncs,
  title = {Mantid Github Scripts Repository},
  howpublished = {\url{https://github.com/mantidproject/scripts/tree/master/development/inelastic}},
  note = {Accessed: 2014-08-11}
}